@book{rudin,
    author = {Walter Rudin},
    title = {Principles of Mathematical Analysis, Third Edition},
    year = {1976},
    publisher = {McGraw-Hill},

}

@book{joshua,
    author = {Jim Hefferon},
    title = {Linear Algebra, Fourth Edition},
    year = {2020},
    note = {Retrieved from \url{https://hefferon.net/linearalgebra/}},
    publisher = {Jim Hefferon},
}

@book{folland,
    author = {Gerald B. Folland},
    title = {Real Analysis, Modern Techniques and Their Applications, Second Edition},
    year = {1999},
    publisher = {John Wiley and Sons},
}


@book{munkres,
    author = {James Munkres},
    title = {Topology, Second Edition},
    year = {2000},
    publisher = {Prentice Hall},
}

@book{osearcoid,
    author = {Mícheál Ó Searcóid},
    title = {Metric Spaces},
    year = {2007},
    publisher = {Springer},
}

@book{preiss,
    author = {David Preiss},
    title = {Metric Spaces (MA222)},
    year = {Spring 2014/2015},
    publisher = {Warwick University},
    note = {Retrieved from \url{https://warwick.ac.uk/fac/sci/maths/currentstudents/ughandbook/content/ma222/ma222_slides_final.pdf}},
}